=LDR  00997cam a2200205 a 4500
=001  571856
=005  20070613083616.0
=008  790802s1976\\\\wlkf\\\\|\\\\|1||\||eng||
=015  \\$aGB7709217$2bnb
=020  \\$a0850883725
=035  \\$97915008447
=111  2\$aDavid Jones Weekend School$d(1975 :$cAberystwyth)
=245  00$aDavid Jones :$beight essays on his work as writer and artist : being the first transactions of Yr Academi Gymreig (English Section) /$cedited by Roland Mathias.
=260  \\$aLlandysul :$bGomer Press,$c1976.
=300  \\$a144p,[4]leaves of plates ;$c22cm.
=500  \\$a'... substantially the papers that the respective contributors gave to the David Jones Weekend School at Aberystwyth early in September 1975 ... held under the auspices of the English Section of Yr Academi Gymreig ...' - Preface.
=500  \\$aBibliography: p.139-144.
=600  10$aJones, David,$d1895-1974$xCriticism and interpretation.
=700  1\$aMathias, Roland.
=710  2\$aAcademi Gymreig.$bEnglish Section.

