=LDR  00572nam a2200157 a 4500
=001  990708
=008  841207s1979\\\\enk\\\\\|\\\\||||\||eng||
=035  \\$98490143773
=100  1\$aHughes, Colin A.
=245  10$aDavid Jones :$bthe man who was on the field : 'In parenthesis' as straight reporting /$cColin Hughes.
=260  \\$aManchester :$bDavid Jones Society,$c1979.
=300  \\$a32p ;$c22cm.
=600  10$aJones, David,$d1895-1974.$tIn parenthesis.
=650  \0$aSomme, 1st Battle of the, France, 1916.
=650  \0$aWorld War, 1914-1918$xCampaigns$zFrance.
=710  2\$aDavid Jones Society.

