=LDR  00915cam a2200277 a 4500
=001  1888496
=005  20090901144610.0
=008  020607s1999\\\\enk\\\\\|\\\\||||\||eng|\
=015  \\$aGB98V3330$2bnb
=020  \\$a0853158827
=029  \\$aR0006
=035  \\$99000012708
=040  \\$aBDS
=100  1\$aSherwood, Marika.
=245  10$aClaudia Jones :$ba life in exile /$cMarika Sherwood with Donald Hinds, Colin Prescod and the 1996 Claudia Jones Symposium.
=260  \\$aLondon :$bLawrence & Wishart,$c1999.
=300  \\$a222p ;$c22cm.
=504  \\$aIncludes bibliographical references and index.
=600  10$aJones, Claudia,$d1915-1964.
=611  20$aNotting Hill Carnival$c(London, England)
=650  \0$aCommunists$vBiography.
=650  \0$aWomen communists$vBiography.
=650  \0$aFeminists$vBiography.
=700  1\$aHinds, Donald.
=700  1\$aPrescod, Colin,$d1944-
=711  2\$aClaudia Jones Symposium$d(1996)

