=LDR  00481cam a2200169 a 4500
=001  3783387
=005  20060522171421.0
=008  031109s1993\\\\ohu\\\\\\\\\\\000\p\eng\d
=020  \\$a0945112181 (pbk.)
=035  \\$a(UkLCURL)e00000926700
=049  \\$jCU$le$k100000926700
=090  \\$aUCL$b100000926700
=100  1\$aSilliman, Ronald,$d1946-
=245  10$aJones /$cRon Silliman.
=260  \\$aMentor, OH :$bGenerator Press,$cc1993.
=300  \\$a27 p. ;$c22 cm.
=948  1\$a20060516$bfmg24$cULCAT-h$dc

