=LDR  00363cam a2200145 a 4500
=001  668318
=005  20070921133543.0
=008  841029s1984\\\\enk\\\\\|\\\\||||\||eng||
=015  \\$aGB8417017$2bnb
=020  \\$a0460046608
=035  \\$98439002815
=100  1\$aHumphreys, Emyr.
=245  10$aJones :$ba novel /$cEmyr Humpreys.
=260  \\$aLondon :$bDent,$c1984.
=300  \\$a138p 23 cm.

